@ARTICLE{reid-anon,
    author = {{Reid}, F. and {Harrigan}, M.},
    title = "{An Analysis of Anonymity in the Bitcoin System}",
    journal = {ArXiv e-prints},
    archivePrefix = "arXiv",
    eprint = {1107.4524},
    primaryClass = "physics.soc-ph",
    keywords = {Physics - Physics and Society, Computer Science - Social and Information Networks},
    year = 2011,
    month = jul,
    url = {http://adsabs.harvard.edu/abs/2011arXiv1107.4524R},
    adsnote = {Provided by the SAO/NASA Astrophysics Data System}
}

@article{eval-priv,
    author = {Elli Androulaki and Ghassan Karame and Marc Roeschlin and Tobias Scherer and Srdjan Capkun},
    title = {Evaluating User Privacy in Bitcoin},
    howpublished = {Cryptology ePrint Archive, Report 2012/596},
    year = {2012},
    url = {http://eprint.iacr.org/},
}

@unpublished{zerocoin,
    title={Zerocoin: Anonymous Distributed E-Cash from Bitcoin},
    author={Miers, Ian and Garman, Christina and Green, Matthew and Rubin, Aviel D},
    year={2013},
    url={http://spar.isi.jhu.edu/~mgreen/ZerocoinOakland.pdf}
}

@article{satoshi,
    title={Bitcoin: A peer-to-peer electronic cash system},
    author={Nakamoto, Satoshi},
    url={http://www.bitcoin.org/bitcoin.pdf},
    year={2009}
}

@inproceedings{netcash,
    author = {Medvinsky, Gennady and Neuman, Clifford},
    title = {NetCash: a design for practical electronic currency on the Internet},
    booktitle = {Proceedings of the 1st ACM conference on Computer and communications security},
    series = {CCS '93},
    year = {1993},
    isbn = {0-89791-629-8},
    location = {Fairfax, Virginia, USA},
    pages = {102--106},
    numpages = {5},
    url = {http://doi.acm.org/10.1145/168588.168601},
    doi = {10.1145/168588.168601},
    acmid = {168601},
    publisher = {ACM},
    address = {New York, NY, USA},
} 

@INPROCEEDINGS{netbill,
    author={Sirbu, M. and Tygar, J. D.},
    booktitle={Compcon '95.'Technologies for the Information Superhighway', Digest of Papers.},
    title={NetBill: An Internet commerce system optimized for network delivered services},
    year={1995},
    pages={20-25},
    keywords={Internet;information services;protocols;Internet commerce system;NetBill;World Wide Web;certified delivery;information goods;low transaction costs;network delivered services;privacy;prototype;Access protocols;Business;Computer science;Costs;Electronic commerce;IP networks;Network servers;Protection;Public policy;Web and internet services},
    doi={10.1109/CMPCON.1995.512358},
    ISSN={1063-6390},
}

@online{euro-currency-schemes,
    url={http://www.ecb.europa.eu/pub/pdf/other/virtualcurrencyschemes201210en.pdf},
}

@INPROCEEDINGS{6468350,
    author={Alkawasmi, E. and Arnautovic, E. and Svetinovic, D.},
    booktitle={Green Computing and Communications (GreenCom), 2012 IEEE International Conference on},
    title={Requirements Model for a High-Privacy Decentralized Carbon Emissions Trading Platform},
    year={2012},
    pages={450-453},
    keywords={data privacy;environmental economics;environmental science computing;formal specification;peer-to-peer computing;Bit coin design principles;CarboCoin platform;CarboCoin requirement;carbon emission reduction process;central authority;high-privacy decentralized carbon emission trading platform;peer-to-peer digital currency;platform specification;privacy protection;requirements model;Carbon dioxide;Computational modeling;Conferences;Green products;Peer to peer computing;Privacy;Protocols;carbon trading platform;crypto currency;privacy},
    doi={10.1109/GreenCom.2012.71},
}


@INPROCEEDINGS{6314323,
    author={Bogliolo, A. and Polidori, P. and Aldini, A. and Moreira, W. and Mendes, P. and Yildiz, M. and Ballester, C. and Seigneur, J.},
    booktitle={Wireless Communications and Mobile Computing Conference (IWCMC), 2012 8th International},
    title={Virtual currency and reputation-based cooperation incentives in user-centric networks},
    year={2012},
    pages={895-900},
    keywords={ad hoc networks;incentive schemes;information services;wireless LAN;Wi-Fi;ad hoc connections;online communities;reputation-based cooperation incentives;user-centric networks;virtual currency;wireless communities;Ad hoc networks;Communities;Computer architecture;Internet;Measurement;Peer to peer computing;Wireless communication;Cooperation incentive;Reward;Rputation;Trust;User-centric network;Virtual currency},
    doi={10.1109/IWCMC.2012.6314323},
}

@INPROCEEDINGS{663175,
    author={Mjolsnes, S.F. and Michelsen, R.},
    booktitle={System Sciences, 1997, Proceedings of the Thirtieth Hawaii International Conference on},
    title={Open transnational system for digital currency payments},
    year={1997},
    volume={5},
    pages={198-207 vol.5},
    keywords={EFTS;Internet;cryptography;open systems;point of sale systems;CAFE project;Internet;cryptographic protocols;digital currency payments;electronic payments;electronic wallet;information age;international operations;multiparty security;online authorization;open transnational system;points of sale;preregistration;retail payment systems;standards;Business;Cryptographic protocols;Data security;Digital signatures;Digital systems;Large-scale systems;Public key cryptography;Robustness;Smart cards;Standardization},
    doi={10.1109/HICSS.1997.663175},
    ISSN={1060-3425},
}

@ARTICLE{6203968,
    author={Peck, M.E.},
    journal={Spectrum, IEEE},
    title={The cryptoanarchists' answer to cash},
    year={2012},
    volume={49},
    number={6},
    pages={50-56},
    keywords={electronic money;Bitcoin;Internet smut;dollar bill;stripper;Cryptography;Currency;Digital printing;Exchange rates;Public key cryptography},
    doi={10.1109/MSPEC.2012.6203968},
    ISSN={0018-9235},
}

@online{b-money,
    author={Wei Dai},
    title={b-money},
    url={http://www.weidai.com/bmoney.txt},
    date=1998,
}

@inproceedings{chaum,
    author={Chaum, David},
    year=1983,
    title={Blind signatures for untraceable payments},
    url={http://www.hit.bme.hu/~buttyan/courses/BMEVIHIM219/2009/Chaum.BlindSigForPayment.1982.PDF},
    volume={82},
    pages={199-203},
}

@manual{bitcoin-qt,
    author={Wladimir J. van der Laan and Matt Corallo},
    url={https://github.com/bitcoin/bitcoin/blob/master/doc/readme-qt.rst},
    year=2013,
    urldate={2013-05-17}
}